% -- Month names ---------------------------------------------------------------

@String{jan = "January"}
@String{feb = "February"}
@String{mar = "March"}
@String{apr = "April"}
@String{may = "May"}
@String{jun = "June"}
@String{jul = "July"}
@String{aug = "August"}
@String{sep = "September"}
@String{oct = "October"}
@String{nov = "November"}
@String{dec = "December"}

% -- Locations -----------------------------------------------------------------

% Countries
@String{loc:Canada  = " Canada "}
@String{loc:China   = " China "}
@String{loc:France  = " France "}
@String{loc:Germany = " Germany "}
@String{loc:Ireland = " Ireland "}
@String{loc:Japan   = " Japan "}
@String{loc:Spain   = " Spain "}
@String{loc:UK      = " United Kingdom "}
@String{loc:USA     = " USA "}

% Provinces

@String{loc:BC = " British Columbia," # loc:Canada }
@String{loc:ON = " Ontario,"          # loc:Canada }
@String{loc:QC = " Qu\'ebec,"         # loc:Canada }

% States

@String{loc:AL = " Alabama,"          # loc:USA }
@String{loc:AK = " Alaska,"           # loc:USA } 
@String{loc:AZ = " Arizona,"          # loc:USA }
@String{loc:AR = " Arkansas,"         # loc:USA }
@String{loc:CA = " California,"       # loc:USA }
@String{loc:CO = " Colorado,"         # loc:USA }
@String{loc:CT = " Connecticut,"      # loc:USA }
@String{loc:DE = " Delaware,"         # loc:USA }
@String{loc:DC = " D.C.,"             # loc:USA }
@String{loc:FL = " Florida,"          # loc:USA }
@String{loc:GA = " Georgia,"          # loc:USA }
@String{loc:GU = " Guam,"             # loc:USA }   
@String{loc:HI = " Hawaii,"           # loc:USA } 
@String{loc:ID = " Idaho,"            # loc:USA }  
@String{loc:IL = " Illinois,"         # loc:USA }
@String{loc:IN = " Indiana,"          # loc:USA }
@String{loc:IA = " Iowa,"             # loc:USA }   
@String{loc:KS = " Kansas,"           # loc:USA } 
@String{loc:KY = " Kentucky,"         # loc:USA }
@String{loc:LA = " Louisiana,"        # loc:USA }
@String{loc:ME = " Maine,"            # loc:USA }  
@String{loc:MD = " Maryland,"         # loc:USA }
@String{loc:MA = " Massachusetts,"    # loc:USA }
@String{loc:MI = " Michigan,"         # loc:USA }
@String{loc:MN = " Minnesota,"        # loc:USA }
@String{loc:MS = " Mississippi,"      # loc:USA }
@String{loc:MO = " Missouri,"         # loc:USA }
@String{loc:MT = " Montana,"          # loc:USA }
@String{loc:NE = " Nebraska,"         # loc:USA }
@String{loc:NV = " Nevada,"           # loc:USA } 
@String{loc:NH = " New Hampshire,"    # loc:USA }
@String{loc:NJ = " New Jersey,"       # loc:USA }
@String{loc:NM = " New Mexico,"       # loc:USA }
@String{loc:NY = " New York,"         # loc:USA }
@String{loc:NC = " North Carolina,"   # loc:USA }
@String{loc:ND = " North Dakota,"     # loc:USA }
@String{loc:OH = " Ohio,"             # loc:USA }   
@String{loc:OK = " Oklahoma,"         # loc:USA }
@String{loc:OR = " Oregon,"           # loc:USA } 
@String{loc:PW = " Palau,"            # loc:USA }  
@String{loc:PA = " Pennsylvania,"     # loc:USA }
@String{loc:RI = " Rhode Island,"     # loc:USA }
@String{loc:SC = " South Carolina,"   # loc:USA }
@String{loc:SD = " South Dakota,"     # loc:USA }
@String{loc:TN = " Tennessee,"        # loc:USA }
@String{loc:TX = " Texas,"            # loc:USA }  
@String{loc:UT = " Utah,"             # loc:USA }   
@String{loc:VT = " Vermont,"          # loc:USA }
@String{loc:VI = " Virgin Islands,"   # loc:USA }
@String{loc:VA = " Virginia,"         # loc:USA }
@String{loc:WA = " Washington,"       # loc:USA }
@String{loc:WI = " Wisconsin,"        # loc:USA }
@String{loc:WV = " West Virginia,"    # loc:USA }
@String{loc:WY = " Wyoming,"          # loc:USA }

% Cities

@String{loc:AtlantaGA   = " Atlanta,"   # loc:GA }
@String{loc:LondonUK    = " London,"    # loc:UK }
@String{loc:NashvilleTN = " Nashville," # loc:TN }
@String{loc:NewYorkNY   = " New York,"  # loc:NY }

% -- Organizations -------------------------------------------------------------

@String{org:ACM      = " {ACM} "}
@String{org:IEEE     = " {IEEE} "}
@String{org:IEEE-ACM = " {IEEE}/{ACM} "}
@String{org:SIGPLAN  = org:ACM # "{SIGPLAN} "}
@String{org:SIGSOFT  = org:ACM # "{SIGSOFT} "}

% -- Publishers ----------------------------------------------------------------

@String{pub:ACM      = org:ACM # "Press "}
@String{pub:AW       = "Addison-Wesley "}
@String{pub:IEEE     = org:IEEE # "Press "}
@String{pub:IEEE-CS  = org:IEEE # "Computer Society Press "}
@String{pub:MH       = "McGraw-Hill "}
@String{pub:MIT      = "{MIT} Press "}
@String{pub:Elsevier = "Elsevier Science Inc. "}
@String{pub:Oxford   = "Oxford University Press "}
@String{pub:PH       = "Prentice-Hall "}
@String{pub:PWS      = "{PWS} Publishing Company "}
@String{pub:Springer = "Springer "}
@String{pub:SV       = "Springer-Verlag "}

% -- Journals ------------------------------------------------------------------

@String{journal:ASE = "Automated Software Engineering"}
@String{journal:ActaInformatica = "Acta Informatica"}
@String{journal:ESE = " Empirical Software Engineering"}
@String{journal:IJSEIA = " International Journal of Software Engineering and Its Applications "}
@String{journal:IST = " Information and Software Technology "}
@String{journal:SoSYM = "Internation Journal on Software and Systems Modeling" }
@String{journal:TOPLAS = org:ACM #
	"Transaction on Programming Languages and Systems "} 
@String{journal:TOSEM = org:ACM #
	"Transaction on Software Engineering and Methodology "} 
@String{journal:TSE = org:IEEE #
	"Transaction on Software Engineering "}
@String{journal:TVCG = org:IEEE #
	"Transaction on Visualization and Computer Graphics "}
@String{journal:IBM-SJ = " {IBM} Systems Journal" }


% -- Conference/Workshop proceedings -------------------------------------------

@String{proc = " Proceedings of the "}


@String{proc:ASE = proc # org:IEEE-ACM #
    "International Conference on Automated Software Engineering ({ASE}) "}
@String{proc:CC = proc #
    "International Conference on Compiler Construction ({CC}) "}
@String{proc:ECOOP = proc #
    "European Conference on Object-Oriented Programming ({ECOOP}) "}
@String{proc:FSE = proc #
    "International Symposium on the Foundations of Software Engineering
    ({FSE}) "}
@String{proc:ICPC = proc #
    "International Conference on Program Comprehension ({ICPC}) "}
@String{proc:ICS = proc #
    "International Conference on Supercomputing ({ICS}) "}
@String{proc:ICSE = proc #
    "International Conference on Software Engineering ({ICSE}) "}
@String{proc:ICSM = proc #
    "International Conference on Software Maintenance ({ICSM}) "}
@String{proc:ICTAI = proc #
	"International Conference on Tools with Artificial Intelligence  "}
@String{proc:INFOVIS = proc # org:IEEE #
    "Symposium on Information Visualization ({InfoVis})"} 
@String{proc:ISSTA = proc #
    "International Symposium on Software Testing and Analalysis ({ISSTA}) "}
@String{proc:NDSSS = proc #
    "Network and Distributed System Security Symposium "}
@String{proc:OOPSLA = proc # org:SIGPLAN #
    "Conference on Object-Oriented Programming Systems, Languages and
    Applications ({OOPSLA}) "}
@String{proc:PacificVis = proc # org:IEEE #
    "Pacific Visualization Symposium ({PacificVIS})"}
@String{proc:PASTE = proc # 
    "Workshop on Program Analysis for Software Tools and Engineering ({PASTE})"}
@String{proc:PLDI = proc # org:SIGPLAN #
    "Conference on Programming Language Design and Implementation ({PLDI}) "}
@String{proc:SOFTVIS = proc #
    "Symposium on Software Visualisation ({SoftVis}) "}
@String{proc:TACAS = proc #
    "International Conference on Tools and Algorithms for the Construction
    and Analysis of Systems ({TACAS}) "}
@String{proc:WCRE = proc #
    "Working Conference on Reverse Engineering ({WCRE})"}
@String{proc:WODA = proc #
    "International Workshop on Dynamic Analysis ({WODA}) "}

@String{proc:ECMFA = proc #
	"Eur. Conf. on Modelling Foundations and Applications ({ECMFA})"}
@String{proc:GECCO = proc #
	"Genetic and Evolutionary Computation Conference ({GECCO})"}
@String{proc:ICMT = proc #
	"International Conference on Model Transformation ({ICMT})"}
@String{proc:IC-TPMT = proc #
	"International Conference on Theory and Practice of Model Transformation ({IC-TPMT})"}
@String{proc:ICST = proc #
	"International Conference on Software Testing Verification and Validation  ({ICST})"}
@String{proc:MoDELS = proc #
	"International Conference on Model-Driven Engineering Languages and Systems ({MoDELS})"}
@String{proc:MODELSWARD = proc #
	"International Conference on Model-Driven Engineering and Software Development  ({MODELSWARD})"}
@String{proc:SLE = proc #
	"International Conference on Software Language Engineering ({SLE})"}

@String{proc:STVR = proc #
	"International Conference on System Testing Verification and Reliability ({STVR})"}

@String{proc:SSBSE = proc #
	"Symposium on Search-Based Software Engineering ({SSBSE})"}

@IEEEtranBSTCTL{IEEEexample:BSTcontrol,
	CTLuse_article_number = "yes",
	CTLuse_paper = "yes",
	CTLuse_forced_etal = "no",
	CTLmax_names_forced_etal = "10",
	CTLnames_show_etal = "1",
	CTLuse_alt_spacing = "yes",
	CTLalt_stretch_factor = "4",
	CTLdash_repeated_names = "yes",
	CTLname_format_string = "{f.˜}{vv˜}{ll}{, jj}",
	CTLname_latex_cmd = "",
	CTLname_url_prefix = "[Online]. Available:"
}
