@misc{web:som,
  author = {SOM-Research Lab},
  title = {{SOM-Research Lab website}},
  note = {\textsc{url}: \url{https://som-research.uoc.edu/}, last accessed Jan. 1st 1970},
}

@misc{web:ctan,
  author = {{The CTAN Team}},
  title = {{CTAN: Comprehensive \TeX Archive Network}},
  note = {\textsc{url}: \url{https://www.ctan.org/}, last accessed Jan. 1st 1970},
}
