% -- Month names ---------------------------------------------------------------

@String{jan = "January"}
@String{feb = "February"}
@String{mar = "March"}
@String{apr = "April"}
@String{may = "May"}
@String{jun = "June"}
@String{jul = "July"}
@String{aug = "August"}
@String{sep = "September"}
@String{oct = "October"}
@String{nov = "November"}
@String{dec = "December"}

% -- Locations -----------------------------------------------------------------

% Countries
@String{loc:Canada  = " Canada "}
@String{loc:China   = " China "}
@String{loc:France  = " France "}
@String{loc:Germany = " Germany "}
@String{loc:Ireland = " Ireland "}
@String{loc:Japan   = " Japan "}
@String{loc:Spain   = " Spain "}
@String{loc:UK      = " United Kingdom "}
@String{loc:USA     = " USA "}

% Provinces

@String{loc:BC = " British Columbia," # loc:Canada }
@String{loc:ON = " Ontario,"          # loc:Canada }
@String{loc:QC = " Qu\'ebec,"         # loc:Canada }

% States

@String{loc:AL = " Alabama,"          # loc:USA }
@String{loc:AK = " Alaska,"           # loc:USA } 
@String{loc:AZ = " Arizona,"          # loc:USA }
@String{loc:AR = " Arkansas,"         # loc:USA }
@String{loc:CA = " California,"       # loc:USA }
@String{loc:CO = " Colorado,"         # loc:USA }
@String{loc:CT = " Connecticut,"      # loc:USA }
@String{loc:DE = " Delaware,"         # loc:USA }
@String{loc:DC = " D.C.,"             # loc:USA }
@String{loc:FL = " Florida,"          # loc:USA }
@String{loc:GA = " Georgia,"          # loc:USA }
@String{loc:GU = " Guam,"             # loc:USA }   
@String{loc:HI = " Hawaii,"           # loc:USA } 
@String{loc:ID = " Idaho,"            # loc:USA }  
@String{loc:IL = " Illinois,"         # loc:USA }
@String{loc:IN = " Indiana,"          # loc:USA }
@String{loc:IA = " Iowa,"             # loc:USA }   
@String{loc:KS = " Kansas,"           # loc:USA } 
@String{loc:KY = " Kentucky,"         # loc:USA }
@String{loc:LA = " Louisiana,"        # loc:USA }
@String{loc:ME = " Maine,"            # loc:USA }  
@String{loc:MD = " Maryland,"         # loc:USA }
@String{loc:MA = " Massachusetts,"    # loc:USA }
@String{loc:MI = " Michigan,"         # loc:USA }
@String{loc:MN = " Minnesota,"        # loc:USA }
@String{loc:MS = " Mississippi,"      # loc:USA }
@String{loc:MO = " Missouri,"         # loc:USA }
@String{loc:MT = " Montana,"          # loc:USA }
@String{loc:NE = " Nebraska,"         # loc:USA }
@String{loc:NV = " Nevada,"           # loc:USA } 
@String{loc:NH = " New Hampshire,"    # loc:USA }
@String{loc:NJ = " New Jersey,"       # loc:USA }
@String{loc:NM = " New Mexico,"       # loc:USA }
@String{loc:NY = " New York,"         # loc:USA }
@String{loc:NC = " North Carolina,"   # loc:USA }
@String{loc:ND = " North Dakota,"     # loc:USA }
@String{loc:OH = " Ohio,"             # loc:USA }   
@String{loc:OK = " Oklahoma,"         # loc:USA }
@String{loc:OR = " Oregon,"           # loc:USA } 
@String{loc:PW = " Palau,"            # loc:USA }  
@String{loc:PA = " Pennsylvania,"     # loc:USA }
@String{loc:RI = " Rhode Island,"     # loc:USA }
@String{loc:SC = " South Carolina,"   # loc:USA }
@String{loc:SD = " South Dakota,"     # loc:USA }
@String{loc:TN = " Tennessee,"        # loc:USA }
@String{loc:TX = " Texas,"            # loc:USA }  
@String{loc:UT = " Utah,"             # loc:USA }   
@String{loc:VT = " Vermont,"          # loc:USA }
@String{loc:VI = " Virgin Islands,"   # loc:USA }
@String{loc:VA = " Virginia,"         # loc:USA }
@String{loc:WA = " Washington,"       # loc:USA }
@String{loc:WI = " Wisconsin,"        # loc:USA }
@String{loc:WV = " West Virginia,"    # loc:USA }
@String{loc:WY = " Wyoming,"          # loc:USA }

% Cities

@String{loc:AtlantaGA   = " Atlanta,"   # loc:GA }
@String{loc:LondonUK    = " London,"    # loc:UK }
@String{loc:NashvilleTN = " Nashville," # loc:TN }
@String{loc:NewYorkNY   = " New York,"  # loc:NY }

% -- Organizations -------------------------------------------------------------

@String{org:ACM      = " {ACM} "}
@String{org:IEEE     = " {IEEE} "}
@String{org:IEEE-ACM = " {IEEE}/{ACM} "}
@String{org:SIGPLAN  = org:ACM # "{SIGPLAN} "}
@String{org:SIGSOFT  = org:ACM # "{SIGSOFT} "}

% -- Publishers ----------------------------------------------------------------

@String{pub:ACM      = org:ACM # "Press "}
@String{pub:AW       = "Addison-Wesley "}
@String{pub:IEEE     = org:IEEE # "Press "}
@String{pub:IEEE-CS  = org:IEEE # "Computer Society Press "}
@String{pub:MH       = "McGraw-Hill "}
@String{pub:MIT      = "{MIT} Press "}
@String{pub:Elsevier = "Elsevier Science Inc. "}
@String{pub:Oxford   = "Oxford University Press "}
@String{pub:PH       = "Prentice-Hall "}
@String{pub:PWS      = "{PWS} Publishing Company "}
@String{pub:Springer = "Springer "}
@String{pub:SV       = "Springer-Verlag "}

% -- Journals ------------------------------------------------------------------

@String{journal:ASE = "Automated Soft. Eng."}
@String{journal:ActaInformatica = "Acta Informatica"}
@String{journal:ESE = " Empirical Soft. Eng."}
@String{journal:IBM-SJ = "{IBM} Systems J." }
@String{journal:IJSEIA = " Int. J. of Soft. Eng. and Its Applications "}
@String{journal:IST = " Information and Soft. Technology "}
@String{journal:SoSYM = "Int. J. on Soft. and Systems Modeling" }
@String{journal:TOPLAS = org:ACM #
    "Trans. on Programming Languages and Systems "} 
@String{journal:TOSEM = org:ACM #
    "Trans. on Soft. Eng. and Methodology "} 
@String{journal:TSE = org:IEEE #
    "Trans. on Soft. Eng. "}
@String{journal:TVCG = org:IEEE #
    "Trans. on Visualization and Computer Graphics "}



% -- Conf./Workshop proceedings -------------------------------------------

@String{proc = " Proc. of the "}


@String{proc:ASE = proc # org:IEEE-ACM #
    "Int. Conf. on Automated Software Engineering  "}
@String{proc:CC = proc #
    "Int. Conf. on Compiler Construction  "}
@String{proc:ECMFA = proc #
    "Eur. Conf. on Modelling Foundations and Applications "}
@String{proc:ECOOP = proc #
    "Eur. Conf. on Object-Oriented Programming  "}
@String{proc:FSE = proc #
    "Int. Symp. on the Foundations of Software Engineering "}
@String{proc:ICMT = proc #
    "Int. Conf. on Model Transformation "}
@String{proc:IC-TPMT = proc #
    "Int. Conf. on Theory and Practice of Model Transformation "}
@String{proc:ICPC = proc #
    "Int. Conf. on Program Comprehension  "}
@String{proc:ICS = proc #
    "Int. Conf. on Supercomputing  "}
@String{proc:ICSE = proc #
    "Int. Conf. on Software Engineering  "}
@String{proc:ICST = proc #
    "Int. Conf. on Software Testing Verification and Validation  "}
@String{proc:ICSM = proc #
    "Int. Conf. on Software Maintenance  "}
@String{proc:ICTAI = proc #
	"Int. Conf. on Tools with Artificial Intelligence  "}
@String{proc:INFOVIS = proc # org:IEEE #
    "Symp. on Information Visualization "} 
@String{proc:ISSRE = proc #
    "Int. Symp. on Software Reliability Engineering  "}
@String{proc:ISSTA = proc #
	"Int. Symp. on Software Testing and Analysis  "}
@String{proc:MoDELS = proc #
    "Int. Conf. on Model-Driven Eng. Languages and Systems "}
@String{proc:MODELSWARD = proc #
	"Int. Conf. on Model-Driven Eng. and Soft. Development  "}
@String{proc:NDSSS = proc #
    "Network and Distributed System Security Symp. "}
@String{proc:OOPSLA = proc # 
    "Conf. on Object-Oriented Programming Systems Languages and Applications  "}
@String{proc:PASTE = proc # 
    "Workshop on Program Analysis for Soft. Tools and Eng. "}
@String{proc:PLDI = proc # 
    "Conf. on Programming Language Design and Implementation  "}
@String{proc:SLE = proc # org:SIGPLAN #
	"Int. Conf. on Software Language Engineering"}
@String{proc:SOFTVIS = proc #
    "Symp. on Software Visualisation  "}
@String{proc:STVR = proc #
    "Int. Conf. on System Testing Verification and Reliability"}
@String{proc:TACAS = proc #
	"Int. Conf. on Tools and Algorithms for the Construction and Analysis of Systems  "}
@String{proc:TASE = proc #
    "Int. Symp. on Theoretical Aspects of Soft. Eng.  "}
@String{proc:WCRE = proc #
    "Working Conf. on Reverse Engineering  "}
@String{proc:WODA = proc #
    "Int. Workshop on Dynamic Analysis  "}

@IEEEtranBSTCTL{IEEEexample:BSTcontrol,
    CTLuse_article_number = "yes",
    CTLuse_paper = "yes",
    CTLuse_forced_etal = "no",
    CTLmax_names_forced_etal = "10",
    CTLnames_show_etal = "1",
    CTLuse_alt_spacing = "yes",
    CTLalt_stretch_factor = "4",
    CTLdash_repeated_names = "yes",
    CTLname_format_string = "{f.˜}{vv˜}{ll}{, jj}",
    CTLname_latex_cmd = "",
    CTLname_url_prefix = "[Online]. Available:"
}
